3675 5625
503 447 756 508 stunottcts
792 443 1175 516 tvrttttnauonvtt,
1354 443 1429 525 397

318 587 471 676 tnobis
497 593 622 670 lucem
647 587 694 666 ad
713 593 987 668 controuerlias
1009 589 1236 692 turbasque,
1260 589 1311 666 ob
1333 614 1427 689 quaa

325 693 456 776 emina
489 690 663 784 fuerunt,
684 687 902 794 adcuratius
934 690 1209 790 intelligendas.
1278 692 1425 774 locunt
1497 689 1503 704 “

318 821 356 876 ιιι
375 793 415 874 in
434 791 510 870 istis
531 790 722 898 sequentia
737 805 895 869 tenent:

415 969 474 1035 t'n'o
501 959 675 1068 aegalim
706 957 888 1058 carfiffiont'r
900 959 927 1045 ,·'
950 957 1039 1050 siue,
1065 985 1103 1036 ιι
1132 984 1168 1038 et
1186 961 1330 1052 dicitur,
1349 989 1424 1036 con-

318 1069 337 1162 i
403 1067 556 1138 doctrina
569 1063 796 1162 saxonicarum
819 1063 1031 1158 ecclcssarum,
1057 1060 1144 1138 i'ulsu
1161 1065 1317 1138 electoris
1336 1061 1424 1139 saxo·

318 1173 388 1262 aiei,
410 1167 591 1264 Maurttii‚
619 1191 637 1236 a
673 1190 792 1238 ente.
825 1192 1186 1240 natancnrnont
1218 1163 1425 1264 conscripta,

318 1269 385 1344 e'um
404 1271 441 1341 io
463 1264 587 1362 finem,
612 1288 649 1338 ιι
671 1267 816 1337 concilio
839 1266 1029 1340 tridentino
1047 1265 1280 1354 exhiberetur'3
1308 1269 1423 1339 minut

318 1395 415 1444 tutem
439 1369 472 1439 id
485 1363 577 1462 lfieri
603 1368 740 1464 potuit,
762 1391 868 1463 quum
902 1368 961 1464 qui
991 1366 1031 1439 ad
1056 1367 1185 1440 dictum
1212 1390 1424 1441 conuentum

323 1471 446 1566 delegati
464 1481 572 1554 erant,
585 1468 638 1538 illi
658 1465 747 1537 haud
766 1466 1042 1540 admittebantur.
1075 1476 1235 1541 Attamen
1258 1466 1424 1567 scriptum

325 1571 412 1646 hoca
436 1569 608 1662 theologis
641 1565 799 1638 saxonicis
830 1568 1056 1667 adprobatum
1084 1567 1143 1645 est.
1198 1574 1280 1670 Qio
1307 1571 1426 1641 minua

326 1674 353 1745 io
379 1675 517 1746 saxonia
546 1667 764 1766 symbolicam
794 1674 1031 1743 auctoritatem
1058 1668 1270 1755 obtinuerit,
1298 1694 1424 1768 ptaeter

326 1775 386 1847 dias
409 1769 548 1856 caussas,
575 1771 854 1844 Melanchthonis
884 1797 1013 1843 nornen
1036 1767 1249 1871 impediuisse
1275 1771 1423 1846 videtur.

326 1872 529 1948 Recensentur
560 1869 608 1944 ibi
648 1871 811 1969 pleraque
846 1871 1025 1969 dogmata,
1066 1898 1106 1945 eo
1141 1895 1296 1968 tempore
1330 1875 1423 1947 inter

324 1973 506 2068 lutheranos¹
528 1995 566 2046 ac
600 1968 796 2072 pontificios
824 1971 1060 2070 controuerso:
1093 1973 1135 2046 de
1159 1996 1295 2072 peccato
1317 1976 1423 2067 origi·

323 2080 386 2150 nia:
412 2077 453 2148 tle
472 2075 570 2148 venia
592 2099 757 2144 noxarum
788 2101 823 2170 ac
850 2072 1110 2148 iustificatione:
1140 2073 1182 2145 de
1204 2073 1314 2145 libero
1333 2077 1422 2147 arbi·

322 2180 398 2250 trio:
419 2177 461 2250 de
479 2201 566 2248 noua
592 2174 800 2248 obedientia:
827 2171 869 2248 dc
892 2175 1044 2262 ecclesa,
1064 2172 1297 2259 sacramentis,
1322 2178 1421 2246 inuo-

318 2271 440 2352 catione
469 2273 659 2349 sanctorum
689 2301 790 2375 atque
818 2278 890 2349 alia.
942 2273 1195 2350 Confessionem
1231 2277 1315 2348 hane
1342 2281 1421 2347 Me·
1496 2355 1499 2360 ,

318 2377 487 2454 lnchtlnn
512 2379 616 2452 latine
643 2376 858 2476 composuit,
892 2380 989 2451 cuius
1018 2377 1149 2473 codex,
1180 2373 1284 2474 ipsius
1315 2401 1420 2446 manu

318 2503 472 2563 exaratus,
510 2505 573 2578 per
606 2480 794 2554 Selnecceri
834 2478 1069 2578 liberalitatem
1104 2502 1345 2550 ornamentum
1373 2475 1421 2549 est

318 2577 514 2656 bibliotheca
556 2579 718 2678 lipsienfis
752 2579 975 2652 thomam*
1038 2580 1171 2659 Prodiit
1205 2578 1263 2651 isla
1294 2580 1421 2674 latine,

318 2681 358 2758 ita
390 2681 572 2778 inscripto:
616 2679 748 2778 coififfio
784 2682 937 2751 doctrina
963 2680 1191 2782 fitxont'camm
1217 2679 1419 2776 ecclejlartim,

318 2777 412 2871 brodo
431 2783 616 2857 tridentina
646 2781 749 2853 oblata
773 2808 853 2853 anno
873 2803 984 2859 MDLI.
1006 2791 1041 2856 ln
1061 2809 1125 2884 qua
1142 2781 1307 2875 chrisliana
1321 2783 1420 2852 lector
1482 2776 1484 2780 ’

318 2882 443 2983 nubis,
464 2894 598 2985 quinam
618 2884 806 2957 caatholica
832 2886 952 2980 ecclesia
969 2894 1094 2987 gremio
1121 2884 1288 2979 resslirrint
1311 2902 1343 2953 ct
1361 2903 1420 2981 per

318 3010 381 3087 qni
390 2986 460 3083 stet,
480 3012 542 3087 quo
558 2995 665 3056 minus
687 2987 808 3077 ecclcfia
821 2996 875 3081 pia
887 2990 1055 3061 concordia
1068 2983 1420 3084 fiamiatur‚MDL11.8.

318 3088 431 3165 Eodem
469 3114 559 3160 anno
597 3086 835 3185 interpretatio
875 3094 1066 3182 germanica
1101 3090 1212 3160 locem
1244 3082 1418 3183 adspexit,

318 3196 397 3265 nius
415 3193 536 3263 titulus
553 3187 619 3262 est:
640 3189 727 3282 corase
746 3214 813 3272 ion,
833 3189 893 3258 das
916 3189 963 3282 ιβ,
981 3198 1033 3259 rin
1050 3186 1219 3259 belrainnir
1237 3188 1297 3256 der
1305 3184 1420 3282 finist-

318 3288 388 3381 siben
405 3291 613 3374 kirchcnleht·,
632 3293 742 3360 belcha
765 3292 836 3362 dem
858 3292 986 3361 concilio
1010 3316 1054 3362 zu
1078 3288 1217 3361 lerndt
1245 3295 1289 3358 im
1316 3307 1419 3380 1551.

318 3394 377 3465 uir
391 3392 429 3489 ι’β
446 3390 695 3465 oberantloortet
721 3392 867 3476 worden,
884 3390 987 3462 durch
1008 3397 1058 3465 M.
1078 3391 1195 3463 labaim
1218 3382 1420 3489 Marsperger

318 3512 365 3567 lm
391 3492 560 3599 Arigspurg
596 3491 817 3591 verdensem,
862 3492 1005 3589 August.
1035 3495 1206 3567 Vindelic.
1234 3510 1357 3567 MDLII.
1386 3500 1420 3572 8.

318 3594 478 3693 Editione's
500 3599 558 3667 has
581 3597 670 3685 alia,
693 3598 802 3667 latinae
827 3600 954 3695 pariter
975 3622 1011 3667 ac
1032 3598 1250 3691 germanica,
1271 3589 1420 3687 sequutae

318 3696 378 3773 suot
405 3706 438 3743 *¹²
491 3700 654 3770 Vltimam
687 3724 801 3770 earum
838 3702 873 3769 in
907 3722 1048 3796 vtraque
1078 3697 1213 3789 lingua,
1245 3694 1346 3765 latina
1382 3714 1419 3760 ac

318 3804 511 3895 germanica,
544 3800 723 3871 adornauit
755 3808 798 3872 lo.
826 3799 992 3895 Qodtiiilt
1011 3804 1097 3869 Deus
1125 3800 1290 3893 Burgarur
1316 3816 1419 3886 atque

318 3898 364 3976 bac
380 3902 624 4001 inscriptione:
656 3899 788 3998 εοιιβιβιο
810 3902 964 3971 doctrina
975 3897 1204 3998 fiexant'carum
1219 3893 1420 3990 ecclifiarum,

318 4134 1425 4165 **————=-—-—-——n-=--——‘

320 4226 384 4293 vide
409 4243 443 4286 rt
456 4243 603 4285 rrtnotr
619 4214 718 4283 a'rcaena
734 4220 880 4285 bibliothec.
893 4224 1027 4289 aboritana
1041 4225 1153 4309 iniens
1160 4224 1253 4302 sttera.

318 4324 372 4388 ‘de
390 4319 573 4382 editionibus
591 4319 773 4381 confessionis
791 4320 878 4392 huius
888 4323 1042 4405 legantur:
1059 4338 1257 4386 attonasirs
1274 4322 1305 4382 in
1320 4343 1421 4383 stur·

358 4426 414 4467 ιιι
431 4412 501 4465 actis
520 4408 639 4464 litterar.
660 4427 673 4463 e
690 4405 864 4485 manusc'ri'pr.
875 4426 947 4467 erun
962 4410 1086 4485 fafiicul
1099 4428 1159 4471 ιιι.
1171 4427 1200 4484 p.
1214 4422 1261 4477 24.
1290 4426 1421 4467 onnon·

354 4510 420 4553 ntis
446 4488 478 4549 in
502 4489 561 4546 dem
585 4485 730 4564 hillarilil.
748 4486 970 4568 norliricbrcap.
990 4513 1023 4557 ta
1055 4498 1093 4571 lp.
1124 4502 1188 4569 ιιι.
1215 4484 1275 4568 sqq.
1312 4510 1421 4551 nain.
1542 4500 1549 4511 ··

351 4591 463 4638 aaran
472 4591 509 4635 ιι
527 4570 687 4647 atcesfionil.
701 4571 817 4639 uberior.
827 4573 864 4637 ad
879 4576 993 4657 catalog.
1004 4573 1150 4640 bibliothec.
1165 4570 1244 4633 theol.
1256 4592 1284 4652 p.
1296 4579 1364 4651 ²⁶³·
1375 4570 1416 4651 sq.
