3675 5625
1501 488 1654 569 luci
1688 478 2073 585 exbotitiS‚
2106 482 2521 564 sumserunt
2562 483 2736 583 fibi,
2780 476 3140 586 Tummurr

1508 590 1711 670 rium
1767 588 2215 685 impugnare
2265 603 2486 685 atque
2542 583 3048 683 grauissimum
3102 612 3140 666 e

1467 688 1858 786 Tendere,
1933 686 2129 764 inter
2180 700 2333 764 tres
2399 683 2731 764 essentiae
2789 685 3075 766 diuinae
3134 715 3140 785 J

1471 789 1814 891 -quidem
1850 785 2302 884 discrimem
2355 784 2597 867 minus
2641 800 2895 868 autem
2936 811 3140 890 aequz

1503 893 1782 972 horum
1834 911 2159 968 numero
2201 885 2410 967 sunt:

1769 1086 2181 1133 muamus
2245 1085 2871 1152 εειιικῦειινε,
2942 1062 3067 1160 qui
3125 1088 3140 1132 ι

1612 1170 1814 1236 tiones
1851 1161 2225 1258 christianas
2244 1214 2268 1249 ,
2313 1186 2397 1232 ex
2427 1157 2614 1231 libris
2643 1169 2794 1232 noui
2829 1159 3140 1256 testamen!

1667 1263 1913 1337 robure
1954 1266 2207 1352 voluit,
2256 1260 2473 1333 solum
2518 1285 2779 1361 patrem
2813 1260 2955 1335 iesu
2994 1265 3140 1336 chri

1613 1289 1896 1439 fimum:
1956 1361 2175 1437 solum
2239 1365 2590 1436 hominem
2644 1360 2895 1454 idum,-
2937 1368 3140 1437 Mari:

1614 1469 1931 1562 genitum
1975 1490 2049 1537 ac
2083 1468 2447 1562 proprium
2478 1463 2587 1538 dei
2622 1463 2839 1537 filium
2863 1487 2895 1552 z,
2946 1463 3140 1563 spirit

1617 1592 1756 1638 tem
1803 1566 1961 1638 dei:
2013 1570 2222 1661 gratia
2262 1563 2494 1637 diuina
2538 1591 2662 1664 per
2701 1563 2898 1638 fidem
2941 1565 3140 1640 iustifi

1612 1665 1799 1739 suam
1833 1665 2188 1739 instituere
2233 1663 2597 1739 secundum
2645 1668 2872 1740 decem
2921 1692 3137 1767 praece

1615 1769 1887 1856 christi,
1930 1793 2083 1839 cum
2142 1767 2421 1867 epistola
2451 1770 2528 1840 ud
2564 1771 2951 1863 Georgium
2986 1771 3140 1842 eali

1613 1873 1780 1942 item
1824 1868 1934 1939 die
1971 1867 2140 1940 lehre
2182 1895 2305 1940 von
2341 1888 2490 1969 gott
2525 1872 2664 1941 vnd
2705 1869 2931 1958 cbristo
2972 1871 3115 1942 vnd

1613 1987 1935 2044 Mncmv.
1996 1995 2064 2042 et
2100 1989 2500 2046 MDchvn.
2553 1973 2761 2045 latine
2810 1979 3134 2047 MDchu

1610 2093 1810 2170 prete
1853 2069 2134 2142 Gedeone
2174 2071 2517 2161 Cur-cellae,
2562 2091 2902 2146 MDCLvu.
2934 2083 3003 2158 8.
3086 2071 3140 2144 h

1611 2197 1683 2245 et
1757 2189 2055 2247 MDLXx.
2118 2184 2183 2256 8.
2248 2173 2521 2245 adiectis
2610 2174 2971 2268 praecipuis
3078 2171 3140 2246 c}

1615 2277 1722 2346 nis
1756 2273 2093 2344 articulis:
2145 2272 2528 2368 chrustlicbcs
2568 2269 3041 2358 handbucblcin,
3074 2295 3140 2348 M

1611 2371 1937 2446 Roterod.
2001 2393 2066 2445 M
2095 2393 2149 2445 D
2182 2395 2229 2446 c
2261 2395 2308 2450 ι,
2336 2395 2387 2448 x
2418 2395 2467 2448 x
2495 2392 2565 2445 v,
2628 2397 2737 2448 12.
2854 2399 2997 2471 quo
3078 2402 3140 2468 ag

1612 2476 1997 2555 creatione,
2054 2473 2356 2545 eiusdem
2396 2471 2580 2573 lapsu
2623 2499 2691 2546 et
2728 2474 3140 2547 restauratioi

1612 2571 1957 2647 infantum
1985 2577 2053 2643 in
2074 2571 2399 2646 visibilem
2414 2574 2751 2649 ecclefiam
2773 2577 3068 2648 domini:
3100 2585 3140 2647 d

1609 2676 1893 2773 pedum,
1926 2672 2147 2798 mensu
2189 2674 2455 2748 domini
2480 2701 2682 2774 atque
2714 2678 3078 2750 interdicto
3102 2680 3140 2748 i1
