3675 5625
890 797 897 802 '
966 807 1392 865 ruttulo.
1444 812 1770 867 uanus
1827 763 2209 872 Anu-⁸13.
2409 879 2420 906 Ι
2591 807 2832 897 '617
2894 837 2898 842 -

2768 481 2953 546 ——l

758 1095 864 1162 'eo
935 1079 1039 1160 ad
1102 1081 1506 1180 scriptores
1549 1085 1966 1183 polemicos
2017 1086 2292 1167 mediae
2335 1089 2604 1192 aetatis,
2660 1091 2793 1194 qui

939 1186 1091 1260 icor
1128 1199 1576 1282 pugnarunt.
1676 1190 1861 1264 Sunt
1905 1185 2013 1264 isti
2053 1191 2175 1266 vei
2274 1189 2617 1290 mer-alm
2662 1195 2791 1272 vel

802 1283 837 1398 '⁶
858 1283 1027 1383 mi,
1066 1284 1197 1384 qui
1229 1289 1582 1386 generales
1633 1287 2129 1385 adpellantur,
2172 1217 2526 1392 aduersus
2565 1318 2824 1392 quos·-

838 1405 1027 1480 cos3
1073 1400 1201 1463 aut
1230 1387 1431 1463 varia
1467 1385 1906 1486 diuerseque
1940 1412 2204 1467 eorum
2236 1413 2521 1489 genera
2548 1392 2789 1491 dispu·
2838 1415 2850 1429 ‘

770 1484 839 1564 hi
887 1506 1140 1582 vernt,
1182 1485 1337 1564 siue
1349 1487 1701 1589 speciales,
1755 1487 1830 1564 in
1871 1509 1967 1566 eo
2003 1488 2414 1585 posuerunt·
2440 1516 2789 1595 operam,

870 1584 1305 1664 huiusmodi
1344 1587 1658 1666 hostium
1696 1589 1961 1668 sectam
2015 1589 2569 1690 impugnarent.
2645 1598 2816 1684 Po„

824 1684 1095 1764 itidem
1142 1683 1338 1764 inter
1385 1689 1461 1766 se
1512 1681 1908 1786 differunt,
1953 1688 2085 1766 ”vbi
2141 1689 2232 1767 ad
2265 1706 2627 1789 tempora
2674 1720 2792 1775 re·
2923 1741 2928 1746 ·

731 1795 858 1879 lus..
904 1787 1187 1885 quibus
1250 1785 1322 1865 hi
1383 1787 1777 1867 aduersarii
1857 1787 2268 1868 ciuitatem¹
2309 1791 2789 1875 christianam
2907 1795 2912 1804 '

731 1883 997 1966 barunt-
1149 1888 1521 1969 Nonnulli
1600 1888 1806 1968 enim
1863 1901 2100 1967 'antea
2217 1889 2480 1969 uidem
2553 1919 2791 1992 praua

731 1997 785 2088 μ
834 1986 1523 2094 differninauerant3
1564 2014 1797 2090 quum
1846 2004 2092 2069 autem
2129 2014 2170 2065 a
2229 1992 2633 2074 sectatores
2671 2019 2838 2075 re-·

731 2093 855 2187 ht,
899 2088 1035 2187 qui
1066 2085 1148 2167 id
1189 2088 1773 2176 meditabantur,
1807 2108 1887 2168 vt
1928 2088 2440 2190 magistrorum
2474 2115 2791 2190 peruer-

731 2188 1007 2268 tentias
1076 2207 1580 2291 propagarent
1607 2246 1634 2294 ,
1715 2206 1794 2270 et
1873 2189 1992 2292 his
2049 2190 2540 2272 resistendum
2605 2196 2791 2300 effe,

731 2449 869 2498 nter
898 2421 1287 2523 scriptores,
1330 2428 1452 2524 qui
1486 2451 1633 2498 aeuo
1680 2425 1812 2498 hoc
1866 2424 2214 2497 hae'reticos
2269 2450 2794 2524 oppugnarunt»

731 2551 789 2600 te
806 2528 1173 2626 generales,
1222 2528 1448 2600 locum
1488 2526 1611 2600 fibi
1650 2520 1813 2599 fecit
1856 2529 2238 2624 principem
2279 2554 2788 2603 evrururvs

731 2623 943 2707 {enum
1023 2626 1209 2721 siue,
1290 2652 1365 2700 vt
1426 2632 1500 2700 in
1572 2627 1976 2725 quibusdam
2052 2624 2398 2698 codicibus
2482 2651 2792 2715 vocatur,

731 2729 941 2813 senus,
993 2755 1118 2827 per
1174 2754 1348 2828 opus
1406 2728 1842 2827 inscriptum:
1901 2726 2621 2828 patwplia.dogmatica
2680 2756 2795 2801 or-

732 2857 827 2902 xae
870 2829 1038 2925 fidei
1095 2829 1409 2903 aduersus
1465 2835 1685 2904 omnis
1742 2833 2013 2926 generis
2067 2832 2675 2930 haeretic03,atque
2716 2837 2792 2904 in

747 2957 985 3033 partes
1038 2929 1378 3015 diuisum,
1426 2959 1574 3031 quae
1634 2956 1856 3003 certos
1924 2932 2159 3002 titulos
2216 2932 2796 3030 complectuntur.

756 3035 990 3107 Alexii
1033 3038 1372 3106 Comneni
1444 3036 1749 3128 theologi
1796 3032 2072 3129 quidam
2127 3028 2454 3104 ex'variis
2521 3031 2793 3133 scriptis

731 3162 842 3225 im,
892 3139 1292 3207 nominatim
1334 3132 1699 3228 Athanasii,
1731 3132 1978 3228 Basilii,
2028 3134 2364 3229 Gregorii
2406 3139 2794 3234 turiusque,

731 3241 903 3307 niet
944 3241 1350 3320 nazianzeni,
1380 3234 1693 3333 Dionysii
1730 3239 2151 3334 areopagitae,
2188 3230 2665 3330 Chrysostomi
2700 3261 2795 3309 at·

731 3342 1016 3411 iliorum
1065 3339 1507 3431 collegerant,
1573 3364 1718 3434 quse
1759 3332 2153 3407 refellendis
2197 3336 2537 3407 haereticis
2578 3337 2794 3410 inser-

731 3461 802 3514 lt.
939 3444 1107 3510 Haec
1176 3438 1401 3535 postea
1456 3463 1953 3509 rvrnrmtvs
2018 3440 2089 3505 in
2142 3435 2459 3506 ordinem
2529 3438 2798 3533 redegit

731 3542 857 3612 tin
898 3535 1116 3610 classes
1159 3538 1441 3634 digessit.
1550 3542 1788 3611 Graece
1819 3563 1995 3635 opus
2051 3535 2181 3606 hoc
2220 3537 2482 3633 prodiit
2517 3544 2797 3634 Tergo-

732 3646 808 3714 in
846 3641 1175 3712 Walachia
1228 3660 1530 3715 MDCCX.
1575 3635 1697 3710 fol.
1752 3642 1872 3736 qui
1926 3660 2151 3709 autem
2211 3639 2381 3709 illud
2444 3639 2685 3728 edidit,
2734 3643 2794 3713 is

731 3766 842 3816 ter
868 3766 1127 3814 metum
1166 3766 1521 3815 turcorum
1548 3759 1732 3840 caput
1779 3757 2008 3809 contra
2031 3734 2369 3833 fizracenor
2424 3766 2501 3811 ac
2543 3766 2800 3838 praetet

742 3843 1050 3942 quaedam
1097 3843 1180 3914 de
1222 3846 1641 3914 trinitate‘in
1685 3844 1930 3939 primis
1992 3841 2208 3910 statim
2261 3842 2483 3912 titulis
2544 3841 2795 3913 omisit.

731 3971 880 4016 nen
923 3940 1463 4018 confutationem
1509 3941 1974 4015 saracenorum
2014 3965 2223 4034 graece
2254 3967 2320 4013 et
2369 3942 2582 4014 latine
2610 3942 2798 4016 Frid.

731 4052 993 4147 rgias*
1033 4048 1202 4117 iuris
1229 4045 1484 4143 publici
1508 4041 1692 4133 fecit,
1737 4041 2307 4141 quemadmodum
2347 4068 2547 4115 antea
2589 4041 2803 4114 deno-

814 4151 897 4217 In
933 4171 1004 4218 ea
1028 4147 1607 4218 mahommedanis
1655 4144 1956 4243 quaedam
1999 4143 2306 4241 dogmat-a
2356 4168 2567 4242 atque
2605 4143 2807 4216 insti·
2863 4186 2868 4191 ·

752 4273 1113 4346 perperam
1172 4249 1405 4336 tribui,
1451 4248 1612 4320 Adr.
1640 4243 2057 4318 Relandus**
2103 4243 2399 4342 probare
2435 4243 2802 4317 adnititur.

731 4373 781 4421 tt
806 4352 1004 4422 etiam
1021 4350 1307 4450 panoplia
1345 4352 1503 4431 haec,
1558 4353 1933 4448 interprete
1981 4345 2175 4416 Petro
2210 4348 2434 4415 Franc.
2469 4349 2656 4428 Zim,
2706 4346 2802 4416 la-

731 4445 1345 4527 Venct.MDLV.fol.
1376 4452 1691 4547 Lugdun.
1705 4459 2044 4545 MDLVLS.
2063 4443 2809 4529 Parifimntxxx.3.***

731 4769 1034 4842 retulistis,
1086 4787 1215 4847 quae
1243 4782 1407 4829 antea
1447 4764 1725 4828 recensui.

731 4847 974 4933 religion.
993 4851 1387 4913 mbammedic.
1415 4851 1531 4910 libr.
1560 4873 1615 4910 11
1670 4864 1717 4926 ς.
1748 4867 1794 4923 3.
1812 4843 1932 4926 sqq.
1953 4868 2012 4927 Ρ.
2034 4848 2170 4911 106.

731 4933 803 4995 in
818 4931 1058 4999 biblioth.
1083 4953 1318 5017 patrum
1352 4933 1667 5020 lugdunens:
1685 4952 1816 4998 tom.
1837 4951 1879 4991 x
1898 4948 1914 4989 t
1935 4951 1994 4991 x.
2026 4953 2082 5014 p.
2114 4949 2165 4994 1.
