3675 5625
1507 545 1558 575 .·
1651 523 1881 574 autem
1934 496 2155 572 addita
2200 494 2377 586 fint,
2421 476 2744 568 ⁸Londin.
2784 476 3140 570 MDccx‘m

1547 625 1554 632 ·
1632 605 1756 696 jbr
1807 605 2173 699 promoting
2238 603 2573 698 primitiae
2658 593 3053 691 christiani&
3086 650 3109 680 ,

1647 726 1798 799 ,quo
1848 700 2027 774 libro
2072 696 2333 794 fingula
2372 696 2893 773 christianorum
2948 723 3140 797 genes

1551 853 1562 864 -
1653 807 2019 900 cietatem,
2064 827 2224 876 eum
2262 797 2619 876 Whistono
2686 792 3109 888 faciendam,

1627 905 1790 978 -lem
1844 895 2224 1002 rationem,
2271 905 2473 978 deum
2507 905 2811 993 colendi,
2865 908 3127 978 inirent

1557 1027 1572 1066 ἔ
1651 1013 1921 1082 naturis
1950 1005 2315 1082 sectatores
2340 1005 2913 1080 adhibuerint.**⁸
3014 1009 3128 1096 V.)

1559 1161 1566 1170 -
1651 1127 2049 1184 MDchul.
2090 1121 2163 1194 8.
2212 1107 2353 1180 siue
2408 1109 2773 1182 tentamina
2822 1109 2997 1202 tria,
3052 1134 3140 1206 qu

1654 1209 1832 1280 lium
1878 1213 2209 1282 nicaenum
2266 1210 2345 1280 ab
2390 1206 2801 1280 athanasiana
2846 1207 3077 1282 haerefi
3126 1237 3140 1273 ¹

1654 1313 2081 1382 monimenta
2122 1313 2419 1406 antiqua,
2474 1310 2555 1381 ad
2598 1311 2977 1383 doctrinam
3016 1311 3140 1384 de!

1655 1415 1849 1482 tione
1888 1437 1957 1483 et
1984 1409 2334 1484 historiam
2378 1408 2868 1484 ecelefiasticam
2894 1409 3097 1484 seculi

1553 1539 1572 1568 ··
1654 1511 2039 1606 liguntnrz‘
2071 1515 2279 1584 tertio
2317 1511 2595 1608 liturgia
2630 1507 2910 1586 eeclefiae
2944 1514 3140 1610 angli·

1652 1634 1905 1710 typum
1952 1617 2239 1712 propius
2276 1612 2569 1703 reducta,
2597 1613 2994 1689 exhibetur:
3074 1621 3135 1684 V

1649 1714 1951 1808 aeffsaitb,
1966 1715 2257 1788 Londin.
2283 1733 2665 1791 MDccxm.
2723 1714 2845 1786 vbi
2883 1716 3140 1814 antiqui

1648 1814 1810 1888 bula
1844 1814 2263 1888 exhibentur.
2364 1822 2535 1890 Haec
2552 1812 2708 1888 funt
2741 1813 3015 1928 scripta,
3056 1841 3140 1916 qu

1549 1957 1562 1966 -
1645 1940 1881 1990 rorem
1918 1913 2115 1988 suum
2148 1915 2232 1986 de
2276 1919 2581 1990 trinitate
2610 1917 2981 2016 'proposuit
3002 1943 3077 1990 ae
3102 1945 3140 1990 v

1791 2039 2055 2110 Nactus
2088 2032 2184 2105 est
2218 2031 2651 2124 aduersarios,
2682 2057 2915 2106 eontra
2940 2059 3117 2133 quos

1639 2133 1764 2209 suo
1795 2161 2017 2234 prauo
2046 2139 2800 2232 pugnaret;·vtriu=que
2826 2139 3039 2233 partis
3062 2162 3140 2208 va

1547 2277 1554 2282 ·
1639 2242 1977 2328 exierunt,
2012 2261 2197 2306 nunc
2240 2237 2479 2308 itidem
2520 2235 3135 2309 commemoranda.

1638 2365 1798 2410 eum
1849 2336 2301 2436 prodieruntz
2364 2341 2473 2428 1.)·
2500 2341 2919 2428 Nouatianus,
2954 2334 3036 2408 ab
3074 2362 3140 2408 av

1539 2463 1554 2474 ·
1633 2439 2043 2520 vindicatus,
2088 2435 2228 2507 fine
2255 2439 2605 2509 mentione
2628 2441 2945 2521 auctoris,
2973 2455 3140 2512 MDC

1634 2541 1872 2614 storius
1917 2561 2110 2609 antea
2169 2539 2469 2610 adductis
2505 2539 2797 2632 sermom-
2850 2537 2988 2608 and
3028 2534 3140 2636 effa

1629 2647 1792 2712 iects
1834 2641 2210 2715 adiecerat:
2290 2645 2535 2710 incerti
2602 2644 2887 2712 auctoris
2928 2637 3015 2709 de
3062 2664 3140 2734 νς
