3675 5625
694 485 738 559 ad
757 479 996 554 catechismum
1021 476 1299 570 componendum
1322 476 1508 565 diligenter
1530 474 1570 544 ad

697 576 1163 682 hique,vtvolontatieorurn
1176 568 1414 668 satisfacerent,
1425 598 1570 673 compen

699 685 862 758 doctrina
875 673 1062 749 christianae
1075 670 1357 772 conscripl'eruntt
1379 678 1494 746 minus
1510 699 1570 746 nun

697 801 891 886 potuerunt
905 771 1077 876 proferre.
1124 775 1299 845 Nonnulli
1316 777 1405 847 varia
1427 778 1464 846 in
1487 774 1553 848 isto

700 910 736 959 et
756 883 918 981 quoniam
950 902 988 948 ex
1019 877 1174 947 omnium
1207 876 1382 947 voluntate
1416 878 1569 949 conciliu

699 1010 784 1068 erat,
803 980 966 1054 sancitum
984 975 1031 1048 est
1044 969 1061 1066 ζ
1076 999 1113 1046 vt
1140 977 1208 1048 hoc
1228 1001 1328 1074 atque
1357 978 1420 1048 alia
1452 980 1570 1073 negoti

699 1081 856 1186 pontifici
873 1103 1029 1170 romano,
1057 1080 1154 1148 cuius
1169 1075 1370 1177 ampliffimo
1384 1080 1517 1151 honore
1530 1083 1570 1152 Pi

700 1215 739 1262 re
765 1185 828 1259 isto
852 1176 1143 1280 perfungebatur,
1176 1182 1403 1262 traderentur.
1456 1184 1508 1252 Ex
1539 1205 1570 1252 tn

699 1315 792 1387 opus.
815 1281 1004 1381 susceptum
1034 1305 1071 1349 ac
1096 1274 1285 1376 perfectum
1311 1276 1393 1360 fuit.
1442 1281 1548 1381 Quod

698 1391 839 1469 adtinet,
862 1382 1056 1454 nonnulli*
1084 1380 1238 1466 tradunt,
1270 1384 1513 1455 catechismum
1541 1383 1570 1456 lu

700 1486 865 1561 cardinale
879 1479 1103 1580 compositum
1119 1477 1192 1553 elle.
1236 1483 1360 1566 „Alii”
1378 1481 1570 1575 adfirmant,

698 1591 770 1662 leto
793 1609 871 1656 eum
902 1582 1008 1651 tribui
1033 1576 1143 1677 poffe3
1166 1578 1221 1651 sed
1245 1584 1362 1680 plures
1388 1584 1506 1657 doctos
1530 1587 1570 1659 ui:

699 1710 838 1785 operam
854 1680 946 1753 suam
958 1677 1144 1764 contulisse,
1161 1686 1570 1760 nominatitheonardu

698 1781 989 1884 archiepiscopum
1023 1780 1291 1872 lancianensem,
1319 1787 1504 1861 exordiae
1536 1811 1570 1887 pt

700 1888 883 1983 Aegidium
916 1877 1162 1977 Fulcinium,
1189 1883 1384 1984 episcopum
1401 1893 1570 1962 mutinenl

696 1989 820 2062 ciscum
844 1992 1027 2067 Facetum,
1040 1981 1191 2054 eiusdem
1208 1987 1351 2071 ordinis,
1373 2015 1415 2059 ac·
1427 1989 1570 2090 postque

695 2089 756 2162 suo
770 2083 944 2186 perfuncti
957 2079 1105 2166 fuilsent‚
1124 2087 1263 2157 maioris
1291 2088 1520 2164 adcurationis
1541 2119 1570 2166 ct

692 2193 997 2275 lesBorromaeum‚
1008 2185 1169 2256 Siclorum
1184 2210 1218 2256 et
1235 2192 1468 2262 Antonianum
1490 2193 1570 2266 adiu

692 2287 810 2365 builsc.
862 2294 908 2359 Vt
934 2286 1024 2356 idem
1052 2287 1273 2360 catechismus
1300 2316 1382 2365 ¹vero
1414 2316 1520 2390 atque
1549 2321 1569 2367 t

691 2391 811 2463 habitu
829 2388 1028 2476 vestiretur,
1058 2394 1235 2480 negotium
1259 2388 1324 2461 hoc
1346 2392 1466 2464 Paullo
1497 2400 1570 2470 Mat

689 2490 764 2582 else,
776 2490 957 2587 scriptores
967 2486 1103 2584 quidam
1119 2489 1243 2560 litteris
1257 2493 1482 2582 mandarunt3
1496 2501 1555 2570 cui
1568 2525 1570 2566 1

842 2712 1570 2740 ——--——-·————

680 2762 697 2797 *
716 2752 805 2818 habet
822 2753 878 2816 ltoc
895 2771 993 2815 arar
1009 2757 1041 2816 in
1058 2758 1118 2818 vita
1133 2757 1237 2823 Sirleti.
